<?xml version="1.0" encoding="UTF-8"?><collection xmlns="http://www.loc.gov/MARC21/slim"><record><leader>00319nam--2200121-i-4500</leader><controlfield tag="001">000039160</controlfield><controlfield tag="002">20161230</controlfield><controlfield tag="005">20161230201042</controlfield><controlfield tag="008">060222s1000------------r-----000-0-eng-d</controlfield><datafield ind1=" " ind2=" " tag="100"><subfield code="a">Ripan,R., Ervin Poper, Liteanu Candin</subfield></datafield><datafield ind1=" " ind2=" " tag="245"><subfield code="a">Chimia analitica calitativa</subfield></datafield><datafield ind1=" " ind2=" " tag="260"><subfield code="a">Bucuresti, Ed.Tehnica, 1957. 383 P</subfield></datafield><datafield ind1=" " ind2=" " tag="852"><subfield code="a">4994</subfield></datafield></record></collection>